@article{fourier-transform,
  title={如何理解傅里叶变换公式？},
  author={苗华栋},
  journal={知乎},
  pages={https://www.zhihu.com/question/19714540/answer/1119070975}
}
