% Chaoming Wang's papers
@article{wang2020neural,
  title={A neural network model with gap junction for topological detection},
  author={Wang, Chaoming and Lian, Risheng and Dong, Xingsi and Mi, Yuanyuan and Wu, Si},
  journal={Frontiers in computational neuroscience},
  volume={14},
  year={2020},
  publisher={Frontiers Media SA}
}
% other's papers
@article{roy2017gap,
  title={Gap junctional coupling between retinal amacrine and ganglion cells underlies coherent activity integral to global object perception},
  author={Roy, Kaushambi and Kumar, Sandeep and Bloomfield, Stewart A},
  journal={Proceedings of the National Academy of Sciences},
  volume={114},
  number={48},
  pages={E10484--E10493},
  year={2017},
  publisher={National Acad Sciences}
}
@article{volgyi2013gap,
  title={Gap junctions are essential for generating the correlated spike activity of neighboring retinal ganglion cells},
  author={V{\"o}lgyi, B{\'e}la and Pan, Feng and Paul, David L and Wang, Jack T and Huberman, Andrew D and Bloomfield, Stewart A},
  journal={PloS one},
  volume={8},
  number={7},
  pages={e69426},
  year={2013},
  publisher={Public Library of Science}
}
@article{estevez2012form,
  title={Form and function of the M4 cell, an intrinsically photosensitive retinal ganglion cell type contributing to geniculocortical vision},
  author={Estevez, Maureen E and Fogerson, P Michelle and Ilardi, Marissa C and Borghuis, Bart G and Chan, Eric and Weng, Shijun and Auferkorte, Olivia N and Demb, Jonathan B and Berson, David M},
  journal={Journal of Neuroscience},
  volume={32},
  number={39},
  pages={13608--13620},
  year={2012},
  publisher={Soc Neuroscience}
}
@article{schmidt2014role,
  title={A role for melanopsin in alpha retinal ganglion cells and contrast detection},
  author={Schmidt, Tiffany M and Alam, Nazia M and Chen, Shan and Kofuji, Paulo and Li, Wei and Prusky, Glen T and Hattar, Samer},
  journal={Neuron},
  volume={82},
  number={4},
  pages={781--788},
  year={2014},
  publisher={Elsevier}
}
@article{allen2019form,
  title={Form vision from melanopsin in humans},
  author={Allen, Annette E and Martial, Franck P and Lucas, Robert J},
  journal={Nature communications},
  volume={10},
  number={1},
  pages={1--10},
  year={2019},
  publisher={Nature Publishing Group}
}
@article{kauffmann2014neural,
  title={The neural bases of spatial frequency processing during scene perception},
  author={Kauffmann, Louise and Ramano{\"e}l, Stephen and Peyrin, Carole},
  journal={Frontiers in integrative neuroscience},
  volume={8},
  pages={37},
  year={2014},
  publisher={Frontiers}
}
@article{hochstein2002view,
  title={View from the top: Hierarchies and reverse hierarchies in the visual system},
  author={Hochstein, Shaul and Ahissar, Merav},
  journal={Neuron},
  volume={36},
  number={5},
  pages={791--804},
  year={2002},
  publisher={Elsevier}
}
@article{bullier2001integrated,
  title={Integrated model of visual processing},
  author={Bullier, Jean},
  journal={Brain research reviews},
  volume={36},
  number={2-3},
  pages={96--107},
  year={2001},
  publisher={Elsevier}
}
@article{goffaux2011coarse,
  title={From coarse to fine? Spatial and temporal dynamics of cortical face processing},
  author={Goffaux, Valerie and Peters, Judith and Haubrechts, Julie and Schiltz, Christine and Jansma, Bernadette and Goebel, Rainer},
  journal={Cerebral Cortex},
  volume={21},
  number={2},
  pages={467--476},
  year={2011},
  publisher={Oxford University Press}
}
@article{peters2018coarse,
  title={From coarse to fine: Interactive feature processing precedes local feature analysis in human face perception},
  author={Peters, Judith C and Goebel, Rainer and Goffaux, Valerie},
  journal={Biological psychology},
  volume={138},
  pages={1--10},
  year={2018},
  publisher={Elsevier}
}
@article{petras2019coarse,
  title={Coarse-to-fine information integration in human vision},
  author={Petras, Kirsten and Ten Oever, Sanne and Jacobs, Christianne and Goffaux, Valerie},
  journal={NeuroImage},
  volume={186},
  pages={103--112},
  year={2019},
  publisher={Elsevier}
}
% extend
@article{jiang2018cyclic,
  title={Cyclic-nucleotide-and HCN-channel-mediated phototransduction in intrinsically photosensitive retinal ganglion cells},
  author={Jiang, Zheng and Yue, Wendy WS and Chen, Lujing and Sheng, Yanghui and Yau, King-Wai},
  journal={Cell},
  volume={175},
  number={3},
  pages={652--664},
  year={2018},
  publisher={Elsevier}
}
@article{tufford2018melanopsin,
  title={Melanopsin retinal ganglion cells regulate cone photoreceptor lamination in the mouse retina},
  author={Tufford, Adele R and Onyak, Jessica R and Sondereker, Katelyn B and Lucas, Jasmine A and Earley, Aaron M and Mattar, Pierre and Hattar, Samer and Schmidt, Tiffany M and Renna, Jordan M and Cayouette, Michel},
  journal={Cell reports},
  volume={23},
  number={8},
  pages={2416--2428},
  year={2018},
  publisher={Elsevier}
}
@article{kim2019synaptic,
  title={Synaptic specializations of melanopsin-retinal ganglion cells in multiple brain regions revealed by genetic label for light and electron microscopy},
  author={Kim, Keun-Young and Rios, Luis C and Le, Hiep and Perez, Alex J and Phan, S{\'e}bastien and Bushong, Eric A and Deerinck, Thomas J and Liu, Yu Hsin and Ellisman, Maya A and Lev-Ram, Varda and others},
  journal={Cell reports},
  volume={29},
  number={3},
  pages={628--644},
  year={2019},
  publisher={Elsevier}
}
@article{lazzerini2017mood,
  title={Mood, the circadian system, and melanopsin retinal ganglion cells},
  author={Lazzerini Ospri, Lorenzo and Prusky, Glen and Hattar, Samer},
  journal={Annual review of neuroscience},
  volume={40},
  pages={539--556},
  year={2017},
  publisher={Annual Reviews}
}
@article{do2019melanopsin,
  title={Melanopsin and the intrinsically photosensitive retinal ganglion cells: biophysics to behavior},
  author={Do, Michael Tri H},
  journal={Neuron},
  volume={104},
  number={2},
  pages={205--226},
  year={2019},
  publisher={Elsevier}
}
@article{lee2019m1,
  title={M1 intrinsically photosensitive retinal ganglion cells integrate rod and melanopsin inputs to signal in low light},
  author={Lee, Seul Ki and Sonoda, Takuma and Schmidt, Tiffany M},
  journal={Cell reports},
  volume={29},
  number={11},
  pages={3349--3355},
  year={2019},
  publisher={Elsevier}
}
@article{mastronarde1983interactions,
  title={Interactions between ganglion cells in cat retina},
  author={Mastronarde, DAVID N},
  journal={Journal of Neurophysiology},
  volume={49},
  number={2},
  pages={350--365},
  year={1983},
  publisher={American Physiological Society Bethesda, MD}
}
@article{reifler2015all,
  title={All spiking, sustained ON displaced amacrine cells receive gap-junction input from melanopsin ganglion cells},
  author={Reifler, Aaron N and Chervenak, Andrew P and Dolikian, Michael E and Benenati, Brian A and Li, Benjamin Y and Wachter, Rebecca D and Lynch, Andrew M and Demertzis, Zachary D and Meyers, Benjamin S and Abufarha, Fady S and others},
  journal={Current Biology},
  volume={25},
  number={21},
  pages={2763--2773},
  year={2015},
  publisher={Elsevier}
}
@article{zhang2008intraretinal,
  title={Intraretinal signaling by ganglion cell photoreceptors to dopaminergic amacrine neurons},
  author={Zhang, Dao-Qi and Wong, Kwoon Y and Sollars, Patricia J and Berson, David M and Pickard, Gary E and McMahon, Douglas G},
  journal={Proceedings of the National Academy of Sciences},
  volume={105},
  number={37},
  pages={14181--14186},
  year={2008},
  publisher={National Acad Sciences}
}
@article{yao2018gap,
  title={Gap junctions contribute to differential light adaptation across direction-selective retinal ganglion cells},
  author={Yao, Xiaoyang and Cafaro, Jon and McLaughlin, Amanda J and Postma, Friso R and Paul, David L and Awatramani, Gautam and Field, Greg D},
  journal={Neuron},
  volume={100},
  number={1},
  pages={216--228},
  year={2018},
  publisher={Elsevier}
}
@article{roelfsema2004synchrony,
  title={Synchrony and covariation of firing rates in the primary visual cortex during contour grouping},
  author={Roelfsema, Pieter R and Lamme, Victor AF and Spekreijse, Henk},
  journal={Nature neuroscience},
  volume={7},
  number={9},
  pages={982--991},
  year={2004},
  publisher={Nature Publishing Group}
}
@article{awatramani2000origin,
  title={Origin of transient and sustained responses in ganglion cells of the retina},
  author={Awatramani, Gautam B and Slaughter, Malcolm M},
  journal={Journal of Neuroscience},
  volume={20},
  number={18},
  pages={7087--7095},
  year={2000},
  publisher={Soc Neuroscience}
}
@article{volgyi2001morphology,
  title={Morphology and physiology of the polyaxonal amacrine cells in the rabbit retina},
  author={V{\"o}lgyi, B{\'e}la and Xin, Daiyan and Amarillo, Yimy and Bloomfield, Stewart A},
  journal={Journal of Comparative Neurology},
  volume={440},
  number={1},
  pages={109--125},
  year={2001},
  publisher={Wiley Online Library}
}
@article{volgyi2009tracer,
  title={Tracer coupling patterns of the ganglion cell subtypes in the mouse retina},
  author={V{\"o}lgyi, B{\'e}la and Chheda, Samir and Bloomfield, Stewart A},
  journal={Journal of Comparative Neurology},
  volume={512},
  number={5},
  pages={664--687},
  year={2009},
  publisher={Wiley Online Library}
}
@article{olveczky2003segregation,
  title={Segregation of object and background motion in the retina},
  author={{\"O}lveczky, Bence P and Baccus, Stephen A and Meister, Markus},
  journal={Nature},
  volume={423},
  number={6938},
  pages={401--408},
  year={2003},
  publisher={Nature Publishing Group}
}
@article{baccus2008retinal,
  title={A retinal circuit that computes object motion},
  author={Baccus, Stephen A and {\"O}lveczky, Bence P and Manu, Mihai and Meister, Markus},
  journal={Journal of Neuroscience},
  volume={28},
  number={27},
  pages={6807--6817},
  year={2008},
  publisher={Soc Neuroscience}
}
