@article{manifold,
  title={Manifold},
  author={Anonymous},
  journal={Wolfram MathWorld},
  year={2021},
  pages={\url{https://mathworld.wolfram.com/Manifold.html}}
}
@article{topological-space,
  title={Topological Space},
  author={Anonymous},
  journal={Wolfram MathWorld},
  year={2021},
  pages={\url{https://mathworld.wolfram.com/TopologicalSpace.html}}
}
@article{open-set,
  title={Open Set},
  author={Anonymous},
  journal={Wolfram MathWorld},
  year={2021},
  pages={\url{https://mathworld.wolfram.com/OpenSet.html}}
}
@article{torus,
  title={Torus},
  author={Anonymous},
  journal={Wolfram MathWorld},
  year={2021},
  pages={\url{https://mathworld.wolfram.com/Torus.html}}
}
@article{genus,
  title={Genus},
  author={Anonymous},
  journal={Wolfram MathWorld},
  year={2021},
  pages={\url{https://mathworld.wolfram.com/Genus.html}}
}
@article{euler-characteristic,
  title={Euler Characteristic},
  author={Anonymous},
  journal={Wolfram MathWorld},
  year={2021},
  pages={\url{https://mathworld.wolfram.com/EulerCharacteristic.html}}
}
@article{dynamical-systems,
  title={Dynamical Systems},
  author={Anonymous},
  journal={Wolfram MathWorld},
  year={2021},
  pages={\url{https://mathworld.wolfram.com/DynamicalSystem.html}}
}
