@article{exponential-distribution-family,
  title={Exponential Distribution Family},
  author={Anonymous},
  journal={CSDN},
  year={2021},
  pages={\url{https://blog.csdn.net/xmu_jupiter/article/details/22922247}}
}
@article{relationship-binomial-normal,
  title={二项式系数与正态分布有什么关系？如何证明这种关系？},
  author={Anonymous},
  journal={知乎},
  year={2021},
  pages={\url{https://zhihu.com/question/381393901}}
}
