@article{laplace-transform,
  title={从另一个角度看拉普拉斯变换},
  author={J Pan},
  journal={知乎},
  pages={https://zhuanlan.zhihu.com/p/40783304}
}
@article{fourier-transform-secret,
  title={傅里叶变换后面的到底有什么小秘密},
  author={J Pan},
  journal={知乎},
  pages={https://zhuanlan.zhihu.com/p/40396861}
}
@article{nature-e-engineer-1,
  title={自然常数“e”，工程中的自然数“1”},
  author={J Pan},
  journal={知乎},
  pages={https://zhuanlan.zhihu.com/p/40317763}
}
@article{euler-formula,
  title={被众人膜拜的欧拉恒等式是个什么东东？},
  author={J Pan},
  journal={知乎},
  pages={https://zhuanlan.zhihu.com/p/40302967}
}
