@article{hyperbolic-growth,
  title={Hyperbolic growth},
  author={wiki},
  journal={Wikipedia},
  pages={https://en.wikipedia.org/wiki/Hyperbolic\_growth}
}
@book{korotaev2006introduction,
  title={Introduction to social macrodynamics: compact macromodels of the world system growth},
  author={Korotaev, AV},
  year={2006},
  publisher={Editorial URSS}
}
@article{markov2007phanerozoic,
  title={Phanerozoic marine biodiversity follows a hyperbolic trend},
  author={Markov, Alexander V and Korotayev, Andrey V},
  journal={Palaeoworld},
  volume={16},
  number={4},
  pages={311--318},
  year={2007},
  publisher={Elsevier}
}
