% Chaoming Wang's papers
@article{wang2020neural,
  title={A neural network model with gap junction for topological detection},
  author={Wang, Chaoming and Lian, Risheng and Dong, Xingsi and Mi, Yuanyuan and Wu, Si},
  journal={Frontiers in computational neuroscience},
  volume={14},
  year={2020},
  publisher={Frontiers Media SA}
}
% other's papers
@article{roy2017gap,
  title={Gap junctional coupling between retinal amacrine and ganglion cells underlies coherent activity integral to global object perception},
  author={Roy, Kaushambi and Kumar, Sandeep and Bloomfield, Stewart A},
  journal={Proceedings of the National Academy of Sciences},
  volume={114},
  number={48},
  pages={E10484--E10493},
  year={2017},
  publisher={National Acad Sciences}
}
@article{volgyi2013gap,
  title={Gap junctions are essential for generating the correlated spike activity of neighboring retinal ganglion cells},
  author={V{\"o}lgyi, B{\'e}la and Pan, Feng and Paul, David L and Wang, Jack T and Huberman, Andrew D and Bloomfield, Stewart A},
  journal={PloS one},
  volume={8},
  number={7},
  pages={e69426},
  year={2013},
  publisher={Public Library of Science}
}
@article{estevez2012form,
  title={Form and function of the M4 cell, an intrinsically photosensitive retinal ganglion cell type contributing to geniculocortical vision},
  author={Estevez, Maureen E and Fogerson, P Michelle and Ilardi, Marissa C and Borghuis, Bart G and Chan, Eric and Weng, Shijun and Auferkorte, Olivia N and Demb, Jonathan B and Berson, David M},
  journal={Journal of Neuroscience},
  volume={32},
  number={39},
  pages={13608--13620},
  year={2012},
  publisher={Soc Neuroscience}
}
@article{schmidt2014role,
  title={A role for melanopsin in alpha retinal ganglion cells and contrast detection},
  author={Schmidt, Tiffany M and Alam, Nazia M and Chen, Shan and Kofuji, Paulo and Li, Wei and Prusky, Glen T and Hattar, Samer},
  journal={Neuron},
  volume={82},
  number={4},
  pages={781--788},
  year={2014},
  publisher={Elsevier}
}
@article{allen2019form,
  title={Form vision from melanopsin in humans},
  author={Allen, Annette E and Martial, Franck P and Lucas, Robert J},
  journal={Nature communications},
  volume={10},
  number={1},
  pages={1--10},
  year={2019},
  publisher={Nature Publishing Group}
}
@article{kauffmann2014neural,
  title={The neural bases of spatial frequency processing during scene perception},
  author={Kauffmann, Louise and Ramano{\"e}l, Stephen and Peyrin, Carole},
  journal={Frontiers in integrative neuroscience},
  volume={8},
  pages={37},
  year={2014},
  publisher={Frontiers}
}
@article{hochstein2002view,
  title={View from the top: Hierarchies and reverse hierarchies in the visual system},
  author={Hochstein, Shaul and Ahissar, Merav},
  journal={Neuron},
  volume={36},
  number={5},
  pages={791--804},
  year={2002},
  publisher={Elsevier}
}
@article{bullier2001integrated,
  title={Integrated model of visual processing},
  author={Bullier, Jean},
  journal={Brain research reviews},
  volume={36},
  number={2-3},
  pages={96--107},
  year={2001},
  publisher={Elsevier}
}
@article{goffaux2011coarse,
  title={From coarse to fine? Spatial and temporal dynamics of cortical face processing},
  author={Goffaux, Valerie and Peters, Judith and Haubrechts, Julie and Schiltz, Christine and Jansma, Bernadette and Goebel, Rainer},
  journal={Cerebral Cortex},
  volume={21},
  number={2},
  pages={467--476},
  year={2011},
  publisher={Oxford University Press}
}
@article{peters2018coarse,
  title={From coarse to fine: Interactive feature processing precedes local feature analysis in human face perception},
  author={Peters, Judith C and Goebel, Rainer and Goffaux, Valerie},
  journal={Biological psychology},
  volume={138},
  pages={1--10},
  year={2018},
  publisher={Elsevier}
}
@article{petras2019coarse,
  title={Coarse-to-fine information integration in human vision},
  author={Petras, Kirsten and Ten Oever, Sanne and Jacobs, Christianne and Goffaux, Valerie},
  journal={NeuroImage},
  volume={186},
  pages={103--112},
  year={2019},
  publisher={Elsevier}
}
% extend
@article{jiang2018cyclic,
  title={Cyclic-nucleotide-and HCN-channel-mediated phototransduction in intrinsically photosensitive retinal ganglion cells},
  author={Jiang, Zheng and Yue, Wendy WS and Chen, Lujing and Sheng, Yanghui and Yau, King-Wai},
  journal={Cell},
  volume={175},
  number={3},
  pages={652--664},
  year={2018},
  publisher={Elsevier}
}